@Article{ij2,
  author =       {Rueden, CT and Schindelin, J and Hiner, MC and DeZonia, BE and
                  Walter, AE and Arena, ET and Eliceiri, KW},
  title =        {{ImageJ2}: {ImageJ} for the next generation of scientific
                  image data},
  journal =      {BMC Bioinformatics},
  volume =       18,
  number =       1,
  year =         2017
}

@Article{schneider_nih_2012,
  author =       {Schneider, CA and Rasband, WS and Eliceiri, KW},
  title =        {{NIH} Image to {ImageJ}: 25 years of image analysis},
  journal =      {Nature Methods},
  date =         {2012-07}
}

@Online{nature-figs,
  editor = 	 {Nature},
  title = 	   {editorial-policies/image-integrity},
  date = 	   2022,
  url = 	     {https://www.nature.com/nature-portfolio/editorial-policies/image-integrity#microscopy}
}

@Online{ori-guidelines,
  editor = 	 {Office of Research Integrity},
  title = 	 {Online research tool},
  date = 	   {2022},
  url =      {https://ori.hhs.gov/education/products/RIandImages/default.html}
}

@Online{ome-schema,
  url = 	 {https://docs.openmicroscopy.org/ome-model/5.6.1/developers/model-overview.htm}
}

@Online{fiji-autothreshold,
  url = 	 {https://imagej.net/plugins/auto-threshold}
 }

@Article{mazo_plosone21,
  author =       {Mazo,G.},
  title =        {{QuickFigures}: A toolkit and {ImageJ} {PlugIn} to quickly
                  transform microscope images into scientific figures},
  journaltitle = {{PLoS} {ONE}},
  date =         {2021-11-09},
  volume =       16,
  doi =          {10.1371/journal.pone.0240280}
}

@Article{fair,
  author =       {Wilkinson, Mark D. and Dumontier, Michel and Aalbersberg,
                  {IJsbrand} Jan and Appleton, Gabrielle and Axton, Myles and
                  Baak, Arie and Blomberg, Niklas and Boiten, Jan-Willem and da
                  Silva Santos, Luiz Bonino and Bourne, Philip E. and Bouwman,
                  Jildau and Brookes, Anthony J. and Clark, Tim and Crosas,
                  Merce and Dillo, Ingrid and Dumon, Olivier and Edmunds, Scott
                  and Evelo, Chris T. and Finkers, Richard and Gonzalez-Beltran,
                  Alejandra and Gray, Alasdair J. G. and Groth, Paul and Goble,
                  Carole and Grethe, Jeffrey S. and Heringa, Jaap and 't Hoen,
                  Peter A. C. and Hooft, Rob and Kuhn, Tobias and Kok, Ruben and
                  Kok, Joost and Lusher, Scott J. and Martone, Maryann E. and
                  Mons, Albert and Packer, Abel L. and Persson, Bengt and
                  Rocca-Serra, Philippe and Roos, Marco and van Schaik, Rene and
                  Sansone, Susanna-Assunta and Schultes, Erik and Sengstag,
                  Thierry and Slater, Ted and Strawn, George and Swertz, Morris
                  A. and Thompson, Mark and van der Lei, Johan and van Mulligen,
                  Erik and Velterop, Jan and Waagmeester, Andra and Wittenburg,
                  Peter and Wolstencroft, Katherine and Zhao, Jun and Mons,
                  Barend},
  title =        {The {FAIR} Guiding Principles for scientific data management
                  and stewardship},
  journaltitle = {Scientific Data},
  date =         {2016-03-15},
  doi =          {10.1038/sdata.2016.18},
  volume =       3
}

@Article{linkert_metadata_2010,
  author =       {Linkert, Melissa and Rueden, Curtis T. and Allan, Chris and
                  Burel, Jean-Marie and Moore, Will and Patterson, Andrew and
                  Loranger, Brian and Moore, Josh and Neves, Carlos and
                  {MacDonald}, Donald and Tarkowska, Aleksandra and Sticco,
                  Caitlin and Hill, Emma and Rossner, Mike and Eliceiri, Kevin
                  W. and Swedlow, Jason R.},
  title =        {Metadata matters: access to image data in the real world},
  journal =      {Journal of Cell Biology},
  year =         2010,
  volume =       189,
  number =       5,
  pages =        {777--782}
}

@Article{idr,
  title =        {Image Data Resource: a bioimage data integration and
                  publication platform},
  volume =       14,
  doi =          {10.1038/nmeth.4326},
  shorttitle =   {Image Data Resource},
  pages =        {775--781},
  number =       8,
  journaltitle = {Nature Methods},
  shortjournal = {Nat Methods},
  author =       {Williams, Eleanor and Moore, Josh and Li, Simon W. and
                  Rustici, Gabriella and Tarkowska, Aleksandra and Chessel,
                  Anatole and Leo, Simone and Antal, Balint and Ferguson,
                  Richard K. and Sarkans, Ugis and Brazma, Alvis and Carazo
                  Salas, Rafael E. and Swedlow, Jason R.},
  date =         {2017-08}
}
